@misc{IDEweb
   title = {These steps help you setup custom build rules for Visual Studio 2010 and up},
   howpublished = {\url{https://sourceforge.net/p/winflexbison/wiki/Visual%20Studio%20custom%20build%20rules/}}
}

